@article{aji,
	author  = {Aji, L. P.},
	title   = {Review: Spawning Induction in Bivalve},
	journal = {Jurnal Penelitian Sains},
	year    = {2011},
	volume  = {14},
	pages   = {14207}
}

@article{bahtiar,
	author  = {Bahtiar, B. and Purnama, M. F. and Kasim, M. and Ishak, E.},
	title   = {Population dynamics of blood clams Tegillarca granosa in Kendari Bay, Southeast Sulawesi, Indonesia},
	journal = {Biodiversitas Journal of Biological Diversity},
	year    = {2022},
	volume  = {23},
	number  = {10},
	doi     = {10.13057/biodiv/d231015}
	url     = {https://doi.org/10.13057/biodiv/d231015}
}

@incollection{barrera2023abalone,
	author    = {Barrera-Hernandez, R. and Barrera-Soto, V. and Martinez-Rodriguez, J. L. and Ríos-Alvarado, A. B. and Ortiz-Rodríguez, F.},
	title     = {Towards Abalone Differentiation Through Machine Learning},
	booktitle = {Towards Abalone Differentiation through Machine Learning},
	pages     = {108--118},
	year      = {2023},
	publisher = {Springer},
	doi       = {10.1007/978-3-031-34222-6_9}
	url       = {https://doi.org/10.1007/978-3-031-34222-6_9}
}

@misc{betterseafood2024,
	author    = {Better Seafood Philippines},
	title     = {Better Seafood Philippines},
	howpublished = {Sustainable Fisheries Partnership},
	year      = {2024},
	url       = {https://sustainablefish.org/impact-initiatives/supporting-small-scale-fisheries/better-seafood-philippines/}
}

@article{boey2011waste,
	author  = {Boey, P.-L. and Maniam, G. P. and Hamid, S. A. and Ali, D. M. H.},
	title   = {Utilization of waste cockle shell (Anadara granosa) in biodiesel production from palm olein: Optimization using response surface methodology},
	journal = {Fuel},
	year    = {2011},
	volume  = {90},
	number  = {7},
	pages   = {2353--2358},
	doi     = {10.1016/j.fuel.2011.03.002}
	url     = {https://doi.org/10.1016/j.fuel.2011.03.002}
}

@misc{breton2017sex,
	author    = {Breton, S. and Capt, C. and Guerra, D. and Stewart, D.},
	title     = {Sex Determining Mechanisms in Bivalves},
	howpublished = {Preprints.org},
	year      = {2017},
	month     = {June},
	doi       = {10.20944/preprints201706.0127.v1}
	url       = {https://doi.org/10.20944/preprints201706.0127.v1}
}

@article{breton2010novel,
	author  = {Breton, S. and Stewart, D. T. and Shepardson, S. and Trdan, R. J. and Bogan, A. E. and Chapman, E. G. and Ruminas, A. J. and Piontkivska, H. and Hoeh, W. R.},
	title   = {Novel Protein Genes in Animal mtDNA: A New Sex Determination System in Freshwater Mussels (Bivalvia: Unionoida)?},
	journal = {Molecular Biology and Evolution},
	year    = {2010},
	volume  = {28},
	number  = {5},
	pages   = {1645--1659},
	doi     = {10.1093/molbev/msq345}
	url     = {https://doi.org/10.1093/molbev/msq345}
}

@misc{brotohadikusomo,
	author    = {Brotohadikusomo, A.},
	title     = {Ecology of Two Species of Blood Clams Anadara},
	howpublished = {Proquest},
	year      = {1994},
	month     = {November}
	url       = {https://www.proquest.com/dissertations-theses/ecology-two-species-blood-clams-em-anadara/docview/1797897997/se-2?accountid=207156}
}

@article{budd,
	author  = {Budd, A. and Banh, Q. and Domingos, J. and Jerry, D.},
	title   = {Sex Control in Fish: Approaches, Challenges and Opportunities for Aquaculture},
	journal = {Journal of Marine Science and Engineering},
	year    = {2015},
	volume  = {3},
	number  = {2},
	pages   = {329--355},
	doi     = {10.3390/jmse3020329}
	url     = {https://doi.org/10.3390/jmse3020329}
}

@article{srisunont2020,
	author = {C. Srisunont and Y. Nobpakhun and C. Yamalee and T. Srisunont},
	title = {Influence of Seasonal Variation and Anthropogenic Stress on Blood Cockle (Tegillarca Granosa) Production Potential},
	journal = {Influence of Seasonal Variation and Anthropogenic Stress on Blood Cockle (Tegillarca Granosa) Production Potential},
	volume = {44},
	number = {2},
	pages = {62--82},
	year = {2020}
}

@article{campos2012,
	author = {A. Campos and S. Tedesco and V. Vasconcelos and S. Cristobal},
	title = {Proteomic Research in Bivalves: Towards the Identification of Molecular Markers of Aquatic Pollution},
	journal = {Proteomic Research in Bivalves},
	volume = {75},
	number = {14},
	pages = {4346--4359},
	year = {2012},
	doi = {10.1016/j.jprot.2012.04.027}
}

@misc{fao2024,
	title = {FAO 2024 Report: Sustainable Aquatic Food Systems Important for Global Food Security – European Fishmeal},
	year = {2024},
	howpublished = {\url{https://effop.org/news-events/fao-2024-report-sustainable-aquatic-food-systems-important-for-global-food-security/}}
}

@inproceedings{ishak2016,
	author = {A. R. Ishak and S. Mohamad and T. K. Soo and F. S. Hamid},
	title = {Leachate and Surface Water Characterization and Heavy Metal Health Risk on Cockles in Kuala Selangor},
	booktitle = {Procedia - Social and Behavioral Sciences},
	volume = {222},
	pages = {263--271},
	year = {2016},
	doi = {10.1016/j.sbspro.2016.05.156}
}

@article{kim2024,
	author = {E. Kim and S.-M. Yang and J.-E. Cha and D.-H. Jung and H.-Y. Kim},
	title = {Deep Learning-Based Phenotype Classification of Three Ark Shells: Anadara Kagoshimensis, Tegillarca Granosa, and Anadara Broughtonii},
	journal = {Frontiers in Marine Science},
	volume = {11},
	year = {2024},
	doi = {10.3389/fmars.2024.1356356}
}

@article{lee2014,
	author = {J. S. Lee and J. J. Park and Y. K. Shin and H. Kim and M. A. Jeon},
	title = {Sex Change and Sequential Hermaphroditism in Tegillarca Granosa (Bivalvia: Arcidae)},
	journal = {Invertebrate Reproduction \& Development},
	volume = {58},
	number = {4},
	pages = {314--318},
	year = {2014},
	doi = {10.1080/07924259.2014.949014}
}

@article{quenu2020,
	author = {Mathieu Quenu and S. A. Trewick and F. Brescia and M. Morgan-Richards},
	title = {Geometric Morphometrics and Machine Learning Challenge Currently Accepted Species Limits of the Land Snail Placostylus (Pulmonata: Bothriembryontidae) on the Isle of Pines, New Caledonia},
	journal = {Journal of Molluscan Studies},
	volume = {86},
	number = {1},
	pages = {35--41},
	year = {2020},
	doi = {10.1093/mollus/eyz031}
}

@article{may2021,
	author = {K. May and C. Maung and E. Phyu and N. Tun},
	title = {Spawning Period of Blood Cockle Tegillarca Granosa (Linnaeus, 1758) in Myeik Coastal Areas},
	journal = {J. Myanmar Acad. Arts Sci},
	volume = {4},
	year = {2021}
}

@article{miranda2023,
	author = {D. V. Miranda and V. M. E. N. Ferriols},
	title = {Initial Attempts on Spawning and Larval Rearing of the Blood Cockle, Tegillarca Granosa (Linnaeus, 1758), in the Philippines},
	journal = {Asian Fisheries Science},
	volume = {36},
	number = {2},
	year = {2023},
	doi = {10.33997/j.afs.2023.36.2.001}
}

@article{narasimham1988,
	author = {K. A. Narasimham},
	title = {Taxonomy of the Blood Clams Anadara (Tegillarca) Granosa (Linnaeus, 1758) and A. (T.) Rhombea (Born, 1780)},
	year = {1988}
}

@article{naylor2000,
	author = {R. L. Naylor and R. J. Goldburg and J. H. Primavera and N. Kautsky and M. C. M. Beveridge and J. Clay and C. Folke and J. Lubchenco and H. Mooney and M. Troell},
	title = {Effect of Aquaculture on World Fish Supplies},
	journal = {Nature},
	volume = {405},
	number = {6790},
	pages = {1017--1024},
	year = {2000},
	doi = {10.1038/35016500}
}

@misc{yurimoto2014,
	author = {Tatsuya Yurimoto and Faizul Mohd Kassim and A. Man and R. Fuseya},
	title = {Spawning Season and Larval Occurrence of Blood Cockle (Anadara Granosa) off the Selangor Coast, Peninsular Malaysia},
	note = {DOAJ: Directory of Open Access Journals},
	year = {2014}
}

@article{sany2014,
	author = {S. B. Tavakoly Sany and R. Hashim and M. Rezayi and A. Salleh and M. A. Rahman and O. Safari and A. Sasekumar},
	title = {Human Health Risk of Polycyclic Aromatic Hydrocarbons from Consumption of Blood Cockle and Exposure to Contaminated Sediments and Water along the Klang Strait, Malaysia},
	journal = {Marine Pollution Bulletin},
	volume = {84},
	number = {1-2},
	pages = {268--279},
	year = {2014},
	doi = {10.1016/j.marpolbul.2014.05.004}
}

@article{tsutsumi2023,
	author = {M. Tsutsumi and N. Saito and D. Koyabu and C. Furusawa},
	title = {A Deep Learning Approach for Morphological Feature Extraction Based on Variational Auto-Encoder: An Application to Mandible Shape},
	journal = {Npj Systems Biology and Applications},
	volume = {9},
	number = {1},
	pages = {1--12},
	year = {2023},
	doi = {10.1038/s41540-023-00293-6}
}

@article{tuset2020,
	author = {V. M. Tuset and E. Galimany and A. Farrés and E. Marco-Herrero and J. L. Otero-Ferrer and A. Lombarte and M. Ramón},
	title = {Recognising Mollusc Shell Contours with Enlarged Spines: Wavelet vs Elliptic Fourier Analyses},
	journal = {Zoology},
	volume = {140},
	pages = {125778--125778},
	year = {2020},
	doi = {10.1016/j.zool.2020.125778}
}

@article{arifin2021,
	author = {W. A. Arifin and I. Ariawan and A. A. Rosalia and L. Lukman and N. Tufailah},
	title = {Data Scaling Performance on Various Machine Learning Algorithms to Identify Abalone Sex},
	journal = {Jurnal Teknologi Dan Sistem Komputer},
	volume = {10},
	number = {1},
	pages = {26--31},
	year = {2021},
	doi = {10.14710/jtsiskom.2021.14105}
}

@misc{wong2018,
	author = {T. M. Wong and T. G. Lim},
	title = {Cockle (Anadara Granosa) Seed Produced in the Laboratory, Malaysia},
	note = {Handle.net},
	year = {2018},
	doi = {10.3366/in_3366.pdf}
}

@article{yusuff2021,
	author = {Yusuff, F. M. and Shari, M. A. M. and Joni, A. A. M. and Kusin, F. M. and Mohamed, K. N. and Zulkeflee, Z. and Asha’ari, Z. H. and Zulkifli, S. Z. and Ismail, A. and Arshad, A.},
	title = {Health Status Comparison of Blood Cockle (Tegillarca granosa) between Low and High Yield Farms in Selangor and Johor},
	journal = {IOP Conference Series: Earth and Environmental Science},
	volume = {934},
	number = {1},
	pages = {012048},
	year = {2021},
	doi = {10.1088/1755-1315/934/1/012048}
}


@article{zha2022,
	author = {Zha, S. and Tang, Y. and Shi, W. and Liu, H. and Sun, C. and Bao, Y. and Liu, G.},
	title = {Impacts of four commonly used nanoparticles on the metabolism of a marine bivalve species, Tegillarca granosa},
	journal = {Chemosphere},
	volume = {296},
	pages = {134079},
	year = {2022},
	doi = {10.1016/j.chemosphere.2022.134079}
}

